%% This BibTeX bibliography file was created using BibDesk.
%% http://bibdesk.sourceforge.net/


%% Created for Frédéric Sicot at 2013-03-05 23:25:14 +0100 


%% Saved with string encoding Unicode (UTF-8) 


@inproceedings{Jameson1981,
	Abstract = {ref runge kutta : augmentation du nombre d'etapes RK},
	Address = {Palo Alto (USA)},
	Author = {A. Jameson and W. Schmidt and E. Turkel},
	Booktitle = {{AIAA 14\textsuperscript{th} Fluid and Plasma Dynamic Conference}},
	Date-Added = {2013-03-05 22:24:50 +0000},
	Date-Modified = {2013-03-05 22:24:50 +0000},
	File = {jameson.aiaa.1981-1259.pdf:/home/sicot2/doc/publis/jameson.aiaa.1981-1259.pdf:PDF},
	Month = jun,
	Publisher = {AIAA Paper 81-1259},
	Timestamp = {2007.01.04},
	Title = {{Numerical Solutions of the Euler Equations by Finite Volume Methods Using Runge-{K}utta Time-Stepping Schemes}},
	Year = {1981}}

@ARTICLE{McMullen2006,
  author = {McMullen, M. and Jameson, A.},
  title = {{The Computational Efficiency of Non-Linear Frequency Domain Methods}},
  journal = {Journal of Computational Physics},
  year = {2006},
  volume = {212},
  pages = {637-661},
  number = {2},
  month = mar,
  abstract = {Article entierement consacre a l'efficacite de la methode NLFD de
	McMullen. En utilisant du pas de temps local, moyennage des residus
	et multigrille. Comparaison avec le code temporelle UFLO82.. Plus
	on a de resolution temporelle, plus ls NLFD est meilleure. A LIRE},
  owner = {sicot},
  timestamp = {2006.09.18}
}

@ARTICLE{woodgate09:_implic_harmon_balan_solver_for,
  author = {Woodgate, M. A. and Badcock, K. J.},
  title = {{Implicit Harmonic Balance Solver for Transonic Flow with Forced
	Motions}},
  journal = {AIAA Journal},
  year = {2009},
  volume = {47},
  pages = {893-901},
  number = {4}
}

@ARTICLE{antheaume11:_implic_time_spect_method_for,
  author = {Antheaume, S. and Corre, C.},
  title = {{Implicit Time Spectral Method for Periodic Incompressible Flows}},
  journal = {AIAA Journal},
  year = {2011},
  volume = {49},
  pages = {791-805},
  number = {4}
}

@INPROCEEDINGS{Hassan2011,
  author = {D. Hassan and F. Sicot},
  title = {{A Time-Domain Harmonic Balance for Dynamic Derivatives Predicitons}},
  booktitle = {49\textsuperscript{th} AIAA Aerospace Sciences Meeting},
  year = {2011},
  address = {Orlando (USA)},
  month = jan,
  owner = {sicot},
  timestamp = {2010.06.11}
}

@ARTICLE{Sicot2012,
  author = {Frederic Sicot and Guillaume Dufour and Nicolas Gourdain},
  title = {{A Time-Domain Harmonic Balance Method for Rotor/Stator Interactions}},
  journal = {Journal of Turbomachinery},
  year = {2012},
  volume = {134},
  pages = {011001},
  number = {1},
  eid = {011001},
  bdsk-url-1 = {http://link.aip.org/link/?JTM/134/011001/1},
  bdsk-url-2 = {http://dx.doi.org/10.1115/1.4003210},
  doi = {10.1115/1.4003210},
  keywords = {blades; compressors; flow simulation; Fourier analysis; interpolation;
	rotors; stators; turbomachinery},
  numpages = {13},
  owner = {guedeney},
  publisher = {ASME},
  url = {http://link.aip.org/link/?JTM/134/011001/1}
}


@ARTICLE{FLD:FLD2111,
  author = {Su, Xinrong and Yuan, Xin},
  title = {{Implicit Solution of Time Spectral Method for Periodic Unsteady Flows}},
  journal = {International Journal for Numerical Methods in Fluids},
  year = {2010},
  volume = {63},
  pages = {860--876},
  number = {7},
  doi = {10.1002/fld.2111},
  issn = {1097-0363},
  keywords = {periodic unsteady flow, time spectral model, GMRES, multigrid, symmetric
	Gauss-Seidel, finite volume method},
  publisher = {John Wiley \& Sons, Ltd.},
  url = {http://dx.doi.org/10.1002/fld.2111}
}


@INPROCEEDINGS{Weide2005,
  author = {van der Weide, E. and Gopinath, A. and Jameson, A.},
  title = {{Turbomachinery Applications with the Time Spectral Method}},
  booktitle = {{35\textsuperscript{th} AIAA Fluid Dynamics Conference and Exhibit}},
  year = {2005},
  address = {Toronto (Canada)},
  month = jun,
  publisher = {AIAA Paper 2005-4905},
  abstract = {Article de reference : il donne le terme source de facon explicite,
	calcul le pas de temps local modifie et font l'analyse du decouplage
	pair/impair et conclu a une utilisation d'un nombre impair de pas
	de temps.
	
	
	Application : le compresseur nasa stage 35 en 1:1. il developpe des
	conditions de periodicite sectorielle.},
  date-added = {2012-02-15 15:58:26 +0100},
  date-modified = {2012-02-15 15:58:26 +0100},
  file = {AIAA2005-4905-Turbomachines-Jameson.pdf:/home/aerodyn/biblio/doc/sicot/AITEC/THB/AIAA2005-4905-Turbomachines-Jameson.pdf:PDF}
}

@INPROCEEDINGS{McMullen2002,
  author = {McMullen, M. and Jameson, A. and J. Alonso},
  title = {{Application of a Non-Linear Frequency Domain Solver to the Euler
	and Navier-Stokes Equations}},
  booktitle = {{40\textsuperscript{th} AIAA Aerospace Sciences Meeting and Exhibit}},
  year = {2002},
  address = {Reno (USA)},
  month = jan,
  publisher = {AIAA Paper 2002-0120},
  abstract = {McMullen presente la methode d'optimisation visant a trouver la periode
	de l'ecoulement qui minimise les residus. Ils travaillent toujours
	en frequentiel et montre des courbes de residus en fonction du strouhal
	ou on voit clairement que la fenetre de meilleure convergence est
	tres etroite.
	
	
	Application : pitching arifoil},
  file = {mcmullen.aiaa.02-0120.pdf:HBT/THB/mcmullen.aiaa.02-0120.pdf:PDF}
}

@conference{Vogt:2011fk,
	Address = {Istanbul (Turkey)},
	Author = {D. Vogt and T. H. Fransson},
	Booktitle = {{9\textsuperscript{th} European Turbomachinery Conference}, invited lecture},
	Date-Added = {2013-03-05 22:24:37 +0000},
	Date-Modified = {2013-03-05 22:24:37 +0000},
	Month = mar,
	Title = {{Turbomachinery Aeroelasticity Analyses -- Everyday Business or Exceptional Challenge?}},
	Year = {2011}}

@article{Roe1981,
	Author = {P. L. Roe},
	Date-Added = {2013-03-05 22:24:14 +0000},
	Date-Modified = {2013-03-05 22:24:14 +0000},
	Journal = {Journal of Computational Physics},
	Month = oct,
	Number = {2},
	Pages = {357-372},
	Title = {{Approximate Riemann Solvers, Parameter Vectors and Difference Schemes}},
	Volume = {43},
	Year = {1981}}

@inproceedings{Spalart1992,
	Address = {Reno (USA)},
	Author = {Spalart, P. R. and Allmaras, S. R.},
	Booktitle = {30\textsuperscript{th} AIAA Aerospace Sciences Meeting and Exhibit},
	Date-Added = {2013-03-05 22:24:07 +0000},
	Date-Modified = {2013-03-05 22:24:07 +0000},
	Month = jan,
	Publisher = {AIAA Paper 92-0439},
	Title = {{A One-Equation Turbulence Transport Model for Aerodynamic Flows}},
	Year = {1992}}

@article{mcbean2005,
	Author = {I. McBean and K. Hourigan and M. Thompson and F. Liu},
	Date-Added = {2013-03-05 22:23:33 +0000},
	Date-Modified = {2013-03-05 22:23:33 +0000},
	Doi = {10.1115/1.2060731},
	Journal = {Journal of Fluids Engineering},
	Keywords = {turbines; blades; transonic flow; Navier-Stokes equations; boundary layer turbulence; flow instability; confined flow; aerodynamics; damping; flow simulation; flow separation},
	Number = {6},
	Pages = {1053-1058},
	Publisher = {ASME},
	Title = {{Prediction of Flutter of Turbine Blades in a Transonic Annular Cascade}},
	Url = {http://link.aip.org/link/?JFG/127/1053/1},
	Volume = {127},
	Year = {2005},
        Month = nov,
	Bdsk-Url-1 = {http://link.aip.org/link/?JFG/127/1053/1},
	Bdsk-Url-2 = {http://dx.doi.org/10.1115/1.2060731}}

@article{Campobasso:2003fk,
	Author = {M. S. Campobasso and M. B. Giles},
	Date-Added = {2013-03-05 22:23:22 +0000},
	Date-Modified = {2013-03-05 22:23:22 +0000},
	Journal = {Journal of Propulsion and Power},
	Keywords = {STCF11, aeroelasticity, GMRES, LUR},
	Number = {2},
        Month = {March-April},
	Pages = {250-259},
	Title = {{Effects of Flow Instabilities on the Linear Analysis of Turbomachinery Aeroelasticity}},
	Volume = {19},
	Year = {2003}}

@article{Duta:2002uq,
	Author = {M. C. Duta and M. B. Giles and M. S. Campobasso},
	Date-Added = {2013-03-05 22:23:04 +0000},
	Date-Modified = {2013-03-05 22:23:04 +0000},
	Journal = {International Journal for Numerical Methods in Fluids},
	Keywords = {LUR, aeroelasticity, STCF11, adjoint method, turbomachinery design},
	Month = {September-October},
	Pages = {323-332},
	Title = {{The Harmonic Adjoint Approach to Unsteady Turbomachinery Design}},
	Volume = {40},
        Number = {3-4},
	Year = {2002}}

@article{Sbardella:2001fk,
	Author = {L. Sbardella and M. Imregun},
	Date-Added = {2013-03-05 22:22:55 +0000},
	Date-Modified = {2013-03-05 22:22:55 +0000},
	Journal = {Journal of Turbomachinery},
	Keywords = {STCF11, aeroelasticity, weak coupling},
	Month = jul,
	Number = {3},
	Pages = {568-582},
	Title = {{Linearized Unsteady Viscous Turbomachinery Flows Using Hybrid Grids}},
	Volume = {123},
	Year = {2001}}

@techreport{Davis1982,
	Author = {Davis, S. S.},
	Date-Added = {2013-03-05 22:22:44 +0000},
	Date-Modified = {2013-03-05 22:22:44 +0000},
	Institution = {AGARD},
	Note = {Data Set 2},
	Number = {702},
	Owner = {elsA},
	Timestamp = {2007.01.30},
	Title = {{NACA 64A010 (NASA Ames Model) Oscillatory Pitching}},
	Year = {1982}}

@inproceedings{McMullen2001,
	Abstract = {presentation de la methode de McMullen en Frequentiel. Obliger de
	faire des allers-retours incessant entre domaine frequentiel et temporel
	pour le calcul des residus (assure aussi le couplage entre les differents
	calculs stationnaires en frequentiel)
	
	
	Application : canal 1D, vortex shedding derriere un cylindre (Re 180)},
	Address = {Reno (USA)},
	Author = {McMullen, M. and Jameson, A. and J. Alonso},
	Booktitle = {{39\textsuperscript{th} Aerospace Sciences Meeting and Exhibit}},
	Date-Added = {2013-03-05 22:22:03 +0000},
	Date-Modified = {2013-03-05 22:22:03 +0000},
	File = {mcmullen.aiaa.01-0152.pdf:HBT/THB/mcmullen.aiaa.01-0152.pdf:PDF},
	Month = jan,
	Title = {{Acceleration of Convergence to a Periodic Steady State in Turbomachinery Flows}},
        PUblisher = {AIAA Paper 01-0152},
	Year = {2001}}

@article{He1990,
	Author = {He, L.},
	Date-Added = {2013-03-05 22:21:45 +0000},
	Date-Modified = {2013-03-05 22:21:45 +0000},
	File = {:space/sicot/biblio/turbomachine/1990_JTM000714_He_ShapeCorrectionMethod_vibratingCascade.pdf:PDF},
	Journal = {Journal of Turbomachinery},
	Month = oct,
	Number = {4},
	Owner = {fred},
	Pages = {714-722},
	Timestamp = {2009.04.13},
	Title = {{An Euler Solution for Unsteady Flows Around Oscillating Blades}},
	Volume = {112},
	Year = {1990}}

@article{Jameson1983,
	Abstract = {ref runge-kutta pour le calcul des coeffs, et la dissipation artificielle},
	Address = {Copper Mountain},
	Author = {A. Jameson},
	Booktitle = {{International Multigrid Conference}},
	Date-Added = {2013-03-05 22:21:36 +0000},
	Date-Modified = {2013-03-05 22:21:36 +0000},
	File = {jameson.mae.1983-1613.pdf:/home/sicot2/doc/publis/jameson.mae.1983-1613.pdf:PDF},
	Journal = {Applied Mathematics and Computation},
	Month = apr,
	Pages = {327-355},
	Timestamp = {2007.01.04},
	Title = {{Solution of the Euler Equations For Two Dimensional Transonic Flow by a Multigrid Method}},
	Volume = {13},
        Number = {3-4},
	Year = {1983}}

@article{Cinnella2004,
	Author = {Cinnella, P. and De Palma, P. and Pascazio, G. and Napolitano, M.},
	Date-Added = {2013-03-05 22:20:53 +0000},
	Date-Modified = {2013-03-05 22:20:53 +0000},
	Journal = {Journal of Turbomachinery},
	Keywords = {STCF11},
	Month = apr,
	Owner = {sicot},
	Pages = {310-316},
	Timestamp = {2010.05.21},
	Title = {{A Numerical Method for Turbomachinery Aeroelasticity}},
	Volume = {126},
        Number = {2},
	Year = {2004}}

@article{Lane:1956fk,
	Author = {F. Lane},
	Date-Added = {2013-03-05 22:20:01 +0000},
	Date-Modified = {2013-03-05 22:20:01 +0000},
	Journal = {Journal of the Aeronautical Sciences},
	Keywords = {aeroelasticity},
	Month = jan,
	Pages = {54-66},
        Volume = {23},
        Number = {1},
	Title = {{System Mode Shapes in the Flutter of Compressor Blade Rows}},
	Year = {1956},
	Bdsk-File-1 = {YnBsaXN0MDDUAQIDBAUGJCVYJHZlcnNpb25YJG9iamVjdHNZJGFyY2hpdmVyVCR0b3ASAAGGoKgHCBMUFRYaIVUkbnVsbNMJCgsMDRBWJGNsYXNzV05TLmtleXNaTlMub2JqZWN0c4AHog4PgAKAA6IREoAEgAVccmVsYXRpdmVQYXRoWWFsaWFzRGF0YV8QYS4uLy4uLy4uL0JpYmxpb2dyYXBoaWUvTGFuZS8xOTU2X1N5c3RlbSBNb2RlIFNoYXBlcyBpbiB0aGUgRmx1dHRlciBvZiBDb21wcmVzc29yIEJsYWRlIFJvd3NfMC5wZGbSCRcYGVdOUy5kYXRhgAZPEQJSAAAAAAJSAAIAAAREQVRBAAAAAAAAAAAAAAAAAAAAAAAAAAAAAADKxECcSCsAAAAAVdgfMTk1Nl9TeXN0ZW0gTW9kZSBTaGFwZSM1NUQ5LnBkZgAAAAAAAAAAAAAAAAAAAAAAAAAAAAAAAAAAAAAAAAAAAABV2cqKgwMAAAAAAAAAAAADAAMAAAkAAAAAAAAAAAAAAAAAAAAABExhbmUAEAAIAADKxCR8AAAAEQAIAADKimbjAAAAAQAUAABV2AAATjYAAAC5AAAAswAAAGcAAgBSREFUQTpVc2VyczoAZ29tYXI6AERvY3VtZW50czoAQmlibGlvZ3JhcGhpZToATGFuZToAMTk1Nl9TeXN0ZW0gTW9kZSBTaGFwZSM1NUQ5LnBkZgAOAIwARQAxADkANQA2AF8AUwB5AHMAdABlAG0AIABNAG8AZABlACAAUwBoAGEAcABlAHMAIABpAG4AIAB0AGgAZQAgAEYAbAB1AHQAdABlAHIAIABvAGYAIABDAG8AbQBwAHIAZQBzAHMAbwByACAAQgBsAGEAZABlACAAUgBvAHcAcwBfADAALgBwAGQAZgAPAAoABABEAEEAVABBABIAby9Vc2Vycy9nb21hci9Eb2N1bWVudHMvQmlibGlvZ3JhcGhpZS9MYW5lLzE5NTZfU3lzdGVtIE1vZGUgU2hhcGVzIGluIHRoZSBGbHV0dGVyIG9mIENvbXByZXNzb3IgQmxhZGUgUm93c18wLnBkZgAAEwANL1ZvbHVtZXMvREFUQQAAFQACABn//wAA0hscHR5aJGNsYXNzbmFtZVgkY2xhc3Nlc11OU011dGFibGVEYXRhox0fIFZOU0RhdGFYTlNPYmplY3TSGxwiI1xOU0RpY3Rpb25hcnmiIiBfEA9OU0tleWVkQXJjaGl2ZXLRJidUcm9vdIABAAgAEQAaACMALQAyADcAQABGAE0AVABcAGcAaQBsAG4AcABzAHUAdwCEAI4A8gD3AP8BAQNXA1wDZwNwA34DggOJA5IDlwOkA6cDuQO8A8EAAAAAAAACAQAAAAAAAAAoAAAAAAAAAAAAAAAAAAADww==}}

@article{Fransson:1999uq,
	Author = {T. H. Fransson and M. J{\"o}cker and A. B{\"o}lcs and P. Ott},
	Date-Added = {2013-03-05 22:19:43 +0000},
	Date-Modified = {2013-03-05 22:19:43 +0000},
	Journal = {Journal of Turbomachinery},
	Keywords = {STCF11, aeroelasticity, experimental},
	Month = oct,
	Number = {1},
	Pages = {717-725},
	Title = {{Viscous and Inviscid Linear/Nonlinear Calculations Versus Quasi 3D Experimental Cascade Data for a New Aeroelastic Turbine Standard Configuration}},
	Volume = {121},
	Year = {1999}}

@article{ekici2010,
	Author = {K. Ekici and K. C. Hall and R. E. Kielb},
	Date-Added = {2013-03-05 22:19:26 +0000},
	Date-Modified = {2013-03-05 22:19:26 +0000},
	Journal = {Journal of Propulsion and Power},
	Number = {2},
	Pages = {335-343},
	Title = {{Harmonic Balance Analysis of Blade Row Interactions in a Transonic Compressor}},
        Month=mar,
	Volume = {26},
	Year = {2010}}

@article{sicot:011001,
	Author = {F. Sicot and G. Dufour and N. Gourdain},
	Date-Added = {2013-03-05 22:19:06 +0000},
	Date-Modified = {2013-03-05 22:19:06 +0000},
	Doi = {10.1115/1.4003210},
	Eid = {011001},
	Journal = {Journal of Turbomachinery},
	Keywords = {blades; compressors; flow simulation; Fourier analysis; interpolation; rotors; stators; turbomachinery},
	Month = jan,
	Number = {1},
	Numpages = {13},
	Pages = {011001},
	Publisher = {ASME},
	Title = {{A Time-Domain Harmonic Balance Method for Rotor/Stator Interactions}},
	Url = {http://link.aip.org/link/?JTM/134/011001/1},
	Volume = {134},
	Year = {2012},
	Bdsk-Url-1 = {http://link.aip.org/link/?JTM/134/011001/1},
	Bdsk-Url-2 = {http://dx.doi.org/10.1115/1.4003210}}

@article{Van2008,
	Author = {Van Zante, D. and Chen, J. and Hathaway, M. and Chriss, R.},
	Date-Added = {2013-03-05 22:18:46 +0000},
	Date-Modified = {2013-03-05 22:18:46 +0000},
	File = {:space/sicot/biblio/turbomachine/JTM011009_2008_phaseLag_vs_Periodic.pdf:PDF},
	Journal = {Journal of Turbomachinery},
	Month = jan,
	Number = {1},
	Owner = {sicot},
	Pages = {011009},
	Timestamp = {2009.07.06},
	Title = {{The Influence of Compressor Blade Row Interaction Modeling on Performance Estimates From Time-Accurate, Multistage, Navier-Stokes Simulations}},
	Volume = {130},
	Year = {2008}}

@article{Erdos1977,
	Author = {Erdos, J. I. and Alznert, E. and McNally, W.},
	Date-Added = {2013-03-05 22:18:35 +0000},
	Date-Modified = {2013-03-05 22:18:35 +0000},
	File = {:space/sicot/biblio/turbomachine/erdos-nasa-19780012139_1978012139.pdf:PDF;:space/sicot/biblio/turbomachine/erdos-AIAA-60823-870.pdf:PDF},
	Journal = {AIAA Journal},
	Month = nov,
	Number = {11},
	Owner = {sicot},
	Pages = {1559-1568},
	Timestamp = {2008.05.13},
	Title = {{Numerical Solution of Periodic Transonic Flow Through a Fan Stage}},
	Volume = {15},
	Year = {1977}}

@inproceedings{may2011,
	Author = {M. May and Y. Mauffrey and F. Sicot},
        Month = jun,
	Booktitle = {15\textsuperscript{th} International Forum on Aeroelasticity and Structural Dynamics},
        Address = {Paris (France)},
	Date-Added = {2013-03-05 22:18:22 +0000},
	Date-Modified = {2013-03-05 22:18:22 +0000},
	note = {IFASD-2011-080},
	Title = {{Numerical Flutter Analysis of Turbomachinery Bladings Based on Time-Linearized, Time-Spectral and Time-Accurate Simulations}},
	Year = 2011}

@article{Ekici2011,
	Annote = {doi: 10.2514/1.J050858},
	Author = {K. Ekici and K. C. Hall},
	Booktitle = {AIAA Journal},
	Da = {2011/07/01},
	Date = {2011/07/01},
	Date-Added = {2013-03-05 22:18:12 +0000},
	Date-Modified = {2013-03-05 22:18:12 +0000},
	Doi = {10.2514/1.J050858},
	Isbn = {0001-1452},
	Journal = {AIAA Journal},
	M3 = {doi: 10.2514/1.J050858},
	Month = oct,
	Number = {7},
	Pages = {1478-1487},
	Publisher = {American Institute of Aeronautics and Astronautics},
	Title = {{Harmonic Balance Analysis of Limit Cycle Oscillations in Turbomachinery}},
	Ty = {JOUR},
	Url = {http://arc.aiaa.org/doi/abs/10.2514/1.J050858},
	Volume = {49},
	Year = {2011},
	Year1 = {2011},
	Bdsk-Url-1 = {http://arc.aiaa.org/doi/abs/10.2514/1.J050858},
	Bdsk-Url-2 = {http://dx.doi.org/10.2514/1.J050858}}

@inproceedings{Reddy2009,
	Address = {Denver (USA)},
	Annote = {doi:10.2514/6.2009-5420},
	Author = {Reddy, T. S. R. and Bakhle, M.},
	Booktitle = {45\textsuperscript{th} AIAA/ASME/SAE/ASEE Joint Propulsion Conference \& Exhibit},
	Date-Added = {2013-03-05 22:18:02 +0000},
	Date-Modified = {2013-03-05 22:18:02 +0000},
	Doi = {doi:10.2514/6.2009-5420},
	M1 = {0},
	M3 = {doi:10.2514/6.2009-5420},
	Month = aug,
	Publisher = {AIAA Paper 2009-5420},
	Title = {{Aeroelastic Computations of a Compressor Stage Using the Harmonic Balance Method}},
	Title1 = {Joint Propulsion Conferences},
	Ty = {CHAP},
	Url = {http://dx.doi.org/10.2514/6.2009-5420},
	Year = {2009},
	Bdsk-Url-1 = {http://dx.doi.org/10.2514/6.2009-5420}}

@inproceedings{Bakhle2008,
	Address = {Hartford (USA)},
	Annote = {doi:10.2514/6.2008-4743},
	Author = {M. Bakhle and J. Thomas and Reddy, T. S. R.},
	Booktitle = {44\textsuperscript{th} AIAA/ASME/SAE/ASEE Joint Propulsion Conference \& Exhibit},
	Date-Added = {2013-03-05 22:17:54 +0000},
	Date-Modified = {2013-03-05 22:17:54 +0000},
	Doi = {doi:10.2514/6.2008-4743},
	M1 = {0},
	M3 = {doi:10.2514/6.2008-4743},
	Month = jul,
	Publisher = {AIAA Paper 2008-4743},
	Title = {{Fan Flutter Computations Using the Harmonic Balance Method}},
	Title1 = {Joint Propulsion Conferences},
	Ty = {CHAP},
	Url = {http://dx.doi.org/10.2514/6.2008-4743},
	Year = {2008},
	Bdsk-Url-1 = {http://dx.doi.org/10.2514/6.2008-4743}}

@article{Ekici2006a,
	Abstract = {HBT multi-frequence},
	Address = {San Francisco (USA)},
	Author = {Ekici, K. and Hall, K.~C.},
	Booktitle = {{24\textsuperscript{th} AIAA Applied Aerodynamics Conference}},
	Date-Added = {2013-03-05 22:17:43 +0000},
	Date-Modified = {2013-03-05 22:17:43 +0000},
	Journal = {AIAA Journal},
	Month = aug,
	Number = {8},
	Pages = {1912-1920},
	Title = {{Nonlinear Frequency-Domain Analysis of Unsteady Flows in Turmachinery with Multiple Excitation Frequencies}},
	Volume = {46},
	Year = {2008}}

@article{Ekici2006,
	Abstract = {HBT multi-frequence},
	Address = {Reno (USA)},
	Author = {K. Ekici and Hall, K.~C.},
	Booktitle = {{44\textsuperscript{th} AIAA Aerospace Sciences Meeting and Exhibit}},
	Date-Added = {2013-03-05 22:17:40 +0000},
	Date-Modified = {2013-03-05 22:17:40 +0000},
	Journal = {AIAA Journal},
	Month = may,
	Number = {5},
	Pages = {1047-1057},
	Title = {{Nonlinear Analysis of Unsteady Flows in Multistage Turbomachines Using the Harmonique Balance Technique}},
	Volume = {45},
	Year = {2007}}

@article{campobasso2012,
	Author = {Campobasso, M. S. and Baba-Ahmadi, M. H.},
	Date-Added = {2013-03-05 22:17:32 +0000},
	Date-Modified = {2013-03-05 22:17:32 +0000},
	Doi = {10.1115/1.4006293},
	Eid = {061020},
	Journal = {Journal of Turbomachinery},
	Month = nov,
	Number = {6},
	Numpages = {13},
	Pages = {061020},
	Publisher = {ASME},
	Title = {{Analysis of Unsteady Flows Past Horizontal Axis Wind Turbine Airfoils Based on Harmonic Balance Compressible Navier-Stokes Equations With Low-Speed Preconditioning}},
	Url = {http://link.aip.org/link/?JTM/134/061020/1},
	Volume = {134},
	Year = {2012},
	Bdsk-Url-1 = {http://link.aip.org/link/?JTM/134/061020/1},
	Bdsk-Url-2 = {http://dx.doi.org/10.1115/1.4006293}}

@article{Woodgate2009,
	Author = {Woodgate, M. A. and Badcock, K. J.},
	Date-Added = {2013-03-05 22:17:15 +0000},
	Date-Modified = {2013-03-05 22:17:15 +0000},
	File = {:HBT/hbt_implicite_woodgate.pdf:PDF},
	Journal = {AIAA Journal},
	Month = apr,
	Number = {4},
	Owner = {fred},
	Pages = {893-901},
	Timestamp = {2009.04.10},
	Title = {{Implicit Harmonic Balance Solver for Transonic Flow with Forced Motions}},
	Volume = {47},
	Year = {2009}}

@article{Dimitriadis2008,
	Author = {Dimitriadis, G.},
	Date-Added = {2013-03-05 22:17:05 +0000},
	Date-Modified = {2013-03-05 22:17:05 +0000},
	File = {:space/sicot/biblio/aeroelasticite/hbt_ael.pdf:PDF},
	Journal = {Journal of Aircraft},
	Month = {March-April},
	Number = {2},
	Owner = {sicot},
	Pages = {523-537},
	Timestamp = {2008.05.13},
	Title = {{Continuation of High-Order Harmonic Balance Solutions for Nonlinear Aeroelastic Systems}},
	Volume = {45},
	Year = {2008}}

@article{Liu2007,
	Author = {L. Liu and E. H. Dowell and J. P. Thomas},
	Date-Added = {2013-03-05 22:16:55 +0000},
	Date-Modified = {2013-03-05 22:16:55 +0000},
	File = {hbtairfoil.pdf:space/sicot/biblio/aeroelasticite/hbtairfoil.pdf:PDF},
	Journal = {Journal of Fluids and Structures},
	Month = apr,
	Number = {3},
	Owner = {aerodyn},
	Pages = {351-363},
	Timestamp = {2007.04.18},
	Title = {{A High Dimensional Harmonic Balance Approach for an Aeroelastic Airfoil with Cubic Restoring Forces}},
	Volume = {23},
	Year = {2007}}

@article{Dufour2010,
	Author = {Dufour, G. and Sicot, F. and Puigt, G. and Liauzun, C. and Dugeai, A.},
	Date-Added = {2013-03-05 22:16:39 +0000},
	Date-Modified = {2013-03-05 22:16:39 +0000},
	Journal = {AIAA Journal},
	Month = apr,
	Number = {4},
	Owner = {sicot},
	Pages = {788-797},
	Title = {{Contrasting the Harmonic Balance and Linearized Methods for Oscillating-Flap Simulations}},
	Volume = {48},
	Year = {2010}}

@article{Sicot2008,
	Author = {Sicot, F. and Puigt, G. and Montagnac, M.},
	Date-Added = {2013-03-05 22:16:28 +0000},
	Date-Modified = {2013-03-05 22:16:28 +0000},
	File = {:space/sicot/biblio/HBT/AIAA-36792-481.pdf:PDF},
	Journal = {AIAA Journal},
	Month = dec,
	Number = {12},
	Pages = {3080-3089},
	Title = {{Block-Jacobi Implicit Algorithms for the Time Spectral Method}},
	Volume = {46},
	Year = {2008}}

@InProceedings{cambier2012,
  author = 	 {L. Cambier and S. Heib and S. Plot},
  title = 	 {{The Onera elsA CFD Software: Input from Research and Feedback from Industry}},
  booktitle = {28\textsuperscript{th} Congress of the International Council of the Aeronautical Sciences},
  year = 	 2012,
  address = 	 {Brisbane (Australia)},
  month = 	 sep,
  publisher = {Paper ICAS 2012-2.1.1}}

@article{Ekici2008,
	Author = {Ekici, K. and Hall, K. C. and Dowell, E. H.},
	Date-Added = {2013-03-05 22:16:02 +0000},
	Date-Modified = {2013-03-05 22:16:02 +0000},
	Doi = {10.1016/j.jcp.2008.02.028},
	Issn = {0021-9991},
	Journal = {Journal of Computational Physics},
	Keywords = {Frequency-domain methods},
	Number = {12},
        Month = jun,
	Pages = {6206-6225},
	Title = {{Computationally Fast Harmonic Balance Methods for Unsteady Aerodynamic Predictions of Helicopter Rotors}},
	Url = {http://www.sciencedirect.com/science/article/pii/S002199910800140X},
	Volume = {227},
	Year = {2008},
	Bdsk-Url-1 = {http://www.sciencedirect.com/science/article/pii/S002199910800140X},
	Bdsk-Url-2 = {http://dx.doi.org/10.1016/j.jcp.2008.02.028}}

@inproceedings{Gopinath2005,
	Abstract = {The Time Spectral Algorithm is proposed for the fast and efficient
	computation of timeperiodic turbulent Navier-Stokes calculations
	past two- and three-dimensional bodies. The efficiency of the approach
	derives from these attributes: 1)time discretization based on a Fourier
	representation in time to take advantage of its periodic nature,
	2)multigrid to drive a fully implicit time stepping scheme. The accuracy
	and efficiency of this technique is verified by Euler and Navier-Stokes
	calculations for a pitching airfoil and a pitching wing. Results
	verify the small number of time intervals per pitching cycle required
	to capture the flow physics. Spectral convergence is demonstrated
	for pitching motion characterised by many frequencies.
	
	
	Premier article du duo Gopinath/Jameson ou ils introduisent la Time
	spectral method, identique a la HBT de Hall. Mais au moins leur terme
	source se code immediatement. Ils ne parlent pas encore du decouplage
	pair/impair (d'ailleurs ils utilisent un nombre pair) et n'ont pas
	pousser leur analyse de stabilite jusqu'a une nouvelle formulation
	du pas de temps local.
	
	
	Application : pitching 2D NACA 64, LANN en Euler et NS},
	Address = {Reno (USA)},
	Author = {Gopinath, A. and Jameson, A.},
	Booktitle = {{43\textsuperscript{rd} AIAA Aerospace Sciences Meeting and Exhibit}},
	Date-Added = {2013-03-05 22:15:38 +0000},
	Date-Modified = {2013-03-05 22:15:38 +0000},
	File = {Time_Spectral_Algo.pdf:HBT/TSM/Time_Spectral_Algo.pdf:PDF},
	Month = jan,
	Publisher = {AIAA Paper 2005-1220},
	Title = {{Time Spectral Method for Periodic Unsteady Computations over Two- and Three- Dimensional Bodies}},
	Year = {2005}}

@article{Hall2002,
	Abstract = {Article fondateur de Hall. Il developpe tout en serie de Fourier induisant
	une complexite inutile. Il conclu finalement qu'il faut mieux revenir
	en temporel. Il developpe des conditions de champ lointain particuliere
	pour la partie instationnaire (k\neq 0).
	
	
	Applications : probleme de flottement dans un etage de compresseur
	(Re 10^6)},
	Author = {Hall, K.~C. and Thomas, J.~P. and W. S. Clark},
	Date-Added = {2013-03-05 22:15:29 +0000},
	Date-Modified = {2013-03-05 22:15:29 +0000},
	File = {hb.pdf:HBT/THB/hb.pdf:PDF},
	Journal = {AIAA Journal},
	Month = may,
	Number = {5},
	Owner = {sicot},
	Pages = {879-886},
	Timestamp = {2006.09.14},
	Title = {{Computation of Unsteady Nonlinear Flows in Cascades Using a Harmonic Balance Technique}},
	Volume = {40},
	Year = {2002}}

@inproceedings{Vilmin2006,
	Address = {Barcelona (Spain)},
	Author = {Vilmin, S. and Hirsch, C. and Lorrain, E. and Swoboda, M.},
	Booktitle = {ASME Turbo Expo},
	Date-Added = {2013-03-05 22:15:21 +0000},
	Date-Modified = {2013-03-05 22:15:21 +0000},
	File = {GT-2006-90210-Final1701.pdf:NUMECA/GT-2006-90210-Final1701.pdf:PDF},
	Month = may,
	Owner = {aerodyn},
	Publisher = {GT-2006-90210},
	Timestamp = {2007.03.02},
	Title = {{Unsteady Flow Modeling Across the Rotor/Stator Interface Using the Nonlinear Harmonic Method}},
	Year = {2006}}

@article{NingHe1998,
	Author = {W. Ning and L. He},
	Date-Added = {2013-03-05 22:15:13 +0000},
	Date-Modified = {2013-03-05 22:15:13 +0000},
	Doi = {10.1115/1.2841747},
	Journal = {Journal of Turbomachinery},
	Number = {3},
	Pages = {508-514},
	Publisher = {ASME},
	Title = {{Computation of Unsteady Flows Around Oscillating Blades Using Linear and Nonlinear Harmonic {E}uler Methods}},
	Url = {http://link.aip.org/link/?JTM/120/508/1},
	Volume = {120},
	Year = {1998},
        Month = jul,
	Bdsk-Url-1 = {http://link.aip.org/link/?JTM/120/508/1},
	Bdsk-Url-2 = {http://dx.doi.org/10.1115/1.2841747}}

@article{HeNing1998,
	Author = {He, L. and Ning, W.},
	Date-Added = {2013-03-05 22:15:06 +0000},
	Date-Modified = {2013-03-05 22:15:06 +0000},
	Journal = {AIAA Journal},
	Month = nov,
	Number = {11},
	Pages = {2005-2012},
	Timestamp = {2007.01.12},
	Title = {{Efficient Approach for Analysis of Unsteady Viscous Flows in Turbomachines}},
	Volume = {36},
	Year = {1998}}

@article{He2010,
	Author = {L. He},
	Date-Added = {2013-03-05 22:14:54 +0000},
	Date-Modified = {2013-03-05 22:14:54 +0000},
	Journal = {Progress in Aerospace Sciences},
	Keywords = {review harmonic hbt nonlinear NLH},
	Number = {8},
	Pages = {329-341},
        Month = nov,
	Title = {{Fourier Methods for Turbomachinery Applications}},
	Volume = {46},
	Year = {2010}}

@inproceedings{Jameson1991,
	Address = {Honolulu (USA)},
	Author = {Jameson, A.},
	Booktitle = {10\textsuperscript{th} Computational Fluid Dynamics Conference},
	Date-Added = {2013-03-05 22:14:45 +0000},
	Date-Modified = {2013-03-05 22:14:45 +0000},
	Month = jun,
	Publisher = {AIAA Paper 91-1596},
	Title = {{Time Dependent Calculations Using Multigrid, with Applications to Unsteady Flows Past Airfoils and Wings}},
	Year = {1991}}

@inproceedings{Rougeault2003,
	Author = {A.-S. Rougeault-Sens and A. Dugeai},
	Booktitle = {{Unsteady Aerodynamics, Aeroacoustics and Aeroelasticity of Turbomachines}},
	Chapter = {Numerical unsteady aerodynamics for turbomachinery aeroelasticity},
	Date-Added = {2013-03-05 22:14:29 +0000},
	Date-Modified = {2013-03-05 22:14:29 +0000},
	Editor = {K. C. Hall and R. E. Kielb and J. P. Thomas},
	Owner = {fred},
	Pages = {423-436},
	Publisher = {Springer},
	Timestamp = {2010.05.17},
	Title = {{Numerical Unsteady Aerodynamics for Turbomachinery Aeroelasticity}},
	Year = {2003}}

@article{Kielb2004,
	Author = {Kielb, R. and Barter, J. and Chernycheva, O. and Fransson, T. H.},
	Date-Added = {2013-03-05 22:14:15 +0000},
	Date-Modified = {2013-03-05 22:14:15 +0000},
	Doi = {doi:10.1115/1.1650380},
	Journal = {Journal of Turbomachinery},
	Month = apr,
	Number = {2},
	Owner = {fred},
	Pages = {306-309},
	Timestamp = {2010.05.17},
	Title = {{Flutter of Low Pressure Turbine Blades with Cyclic Symmetric Modes: A Preliminary Design Method}},
	Volume = {126},
	Year = {2004},
	Bdsk-Url-1 = {http://dx.doi.org/10.1115/1.1650380}}

@misc{stcf11web,
title={\footnotesize\url{http://www.energy.kth.se/proj/projects/Markus%20Joecker/STCF/STCF11/stcf11.htm}}
}

@ARTICLE{Kundert1988,
  author = {Kundert, Kenneth and Sorkin, Gregory and Sangiovanni-Vincentelli,
	Alberto},
  title = {{Applying Harmonic Balance to Almost-Periodic Circuits}},
  journal = {IEEE Transactions on microwaves Theory and Techniques},
  year = {1988},
  volume = {36},
  pages = {366-378},
  owner = {guedeney},
  timestamp = {2009.09.03}
}

@ARTICLE{Byrd94alimited,
  author = {Richard H. Byrd and Peihuang Lu and Jorge Nocedal  and Ciyou Zhu},
  title = {{A Limited Memory Algorithm for Bound Constrained Optimization}},
  journal = {SIAM Journal on Scientific Computing},
  year = 1994,
  volume = 16,
  pages = {1190--1208}
}

@ARTICLE{nocedal1980updating,
  author = {Nocedal, J.},
  title = {{Updating Quasi-Newton Matrices with Limited Storage}},
  journal = {Mathematics of computation},
  year = {1980},
  volume = {35},
  pages = {773--782},
  number = {151}
}

@INPROCEEDINGS{gopinath2007three,
  author = {Gopinath, A. and Van Der Weide, E. and Alonso, J.J. and Jameson,
	A. and Ekici, K. and Hall, K.C.},
  title = {{Three-Dimensional Unsteady Multi-Stage Turbomachinery Simulations
	using the Harmonic Balance Technique}},
  booktitle = {45\textsuperscript{th} AIAA Fluid Dynamics Conference and Exhibit},
  year = {2007},
  address = {Reno (USA)},
  publisher = {AIAA Paper 2007-0892}
}

@ARTICLE{Nocedal97lbfgsb,
  author = {Zhu, Ciyou and Byrd, Richard H. and Lu, Peihuang and Nocedal, Jorge},
  title = {{Algorithm 778: L-BFGS-B: Fortran subroutines for large-scale bound-constrained
	optimization}},
  journal = {ACM Transactions on Mathematical Software},
  year = {1997},
  volume = {23},
  pages = {550--560},
  number = {4},
  month = dec,
  acmid = {279236},
  address = {New York, NY, USA},
  doi = {10.1145/279232.279236},
  issn = {0098-3500},
  issue_date = {Dec. 1997},
  keywords = {large-scale optimization, limited-memory method, nonlinear optimization,
	variable metric method},
  numpages = {11},
  publisher = {ACM},
  url = {http://doi.acm.org/10.1145/279232.279236}
}


@ARTICLE{Ekici2007,
  author = {K. Ekici and K.~C. Hall},
  title = {{Nonlinear Analysis of Unsteady Flows in Multistage Turbomachines
	Using Harmonic Balance}},
  journal = {AIAA Journal},
  year = {2007},
  volume = {45},
  pages = {1047--1057},
  number = {5},
  date-added = {2012-02-15 15:52:55 +0100},
  date-modified = {2012-02-15 15:52:55 +0100},
  publisher = {AIAA}
}

@ARTICLE{Brambilla:1999fk,
  author = {A. Brambilla},
  title = {{Multitone Signal Harmonic Balance Method}},
  journal = {Electronics Letters},
  year = {1999},
  volume = {35},
  pages = {1809-1810},
  number = {21},
  month = {oct.},
  keywords = {HBT/TSM}
}
