@inproceedings{Kato1991,
	Author = {Kato, C. and Ikegawa, M.},
	Booktitle = {Advances in Numerical Simulation of Turbulent Flows},
	Pages = {49--56},
	Title = {Large eddy simulation of unsteady turbulent wake of a circular cylinder using the finite element method},
	Volume = {1},
	Year = {1991}}
